@article{cherry2012sgd,
  title={Saccharomyces Genome Database: the genomics resource of budding yeast},
  author={Cherry, J Michael and Hong, Eurie L and Amundsen, Craig and Balakrishnan, Rama and Binkley, Gail and Chan, Esther T and Christie, Karen R and Costanzo, Maria C and Dwight, Selina S and Engel, Stacia R and others},
  journal={Nucleic acids research},
  volume={40},
  number={D1},
  pages={D700--D705},
  year={2012},
  publisher={Oxford Univ Press}
}

@article{chatr2015biogrid,
  title={The BioGRID interaction database: 2015 update},
  author={Chatr-Aryamontri, Andrew and Breitkreutz, Bobby-Joe and Oughtred, Rose and Boucher, Lorrie and Heinicke, Sven and Chen, Daici and Stark, Chris and Breitkreutz, Ashton and Kolas, Nadine and O'Donnell, Lara and others},
  journal={Nucleic acids research},
  volume={43},
  number={D1},
  pages={D470--D478},
  year={2015},
  publisher={Oxford Univ Press}
}

@article{franceschini2013string91,
  title={STRING v9. 1: protein-protein interaction networks, with increased coverage and integration},
  author={Franceschini, Andrea and Szklarczyk, Damian and Frankild, Sune and Kuhn, Michael and Simonovic, Milan and Roth, Alexander and Lin, Jianyi and Minguez, Pablo and Bork, Peer and von Mering, Christian and others},
  journal={Nucleic acids research},
  volume={41},
  number={D1},
  pages={D808--D815},
  year={2013},
  publisher={Oxford Univ Press}
}

@article{szklarczyk2014string10,
  title={STRING v10: protein--protein interaction networks, integrated over the tree of life},
  author={Szklarczyk, Damian and Franceschini, Andrea and Wyder, Stefan and Forslund, Kristoffer and Heller, Davide and Huerta-Cepas, Jaime and Simonovic, Milan and Roth, Alexander and Santos, Alberto and Tsafou, Kalliopi P and others},
  journal={Nucleic acids research},
  pages={gku1003},
  year={2014},
  publisher={Oxford Univ Press}
}

@article{youngs2014negative,
  title={Negative example selection for protein function prediction: the NoGO database},
  author={Youngs, Noah and Penfold-Brown, Duncan and Bonneau, Richard and Shasha, Dennis},
  journal={PLoS Comput Biol},
  volume={10},
  number={6},
  pages={e1003644},
  year={2014},
  publisher={Public Library of Science}
}

@article{blohm2013negatome,
  title={Negatome 2.0: a database of non-interacting proteins derived by literature mining, manual annotation and protein structure analysis},
  author={Blohm, Philipp and Frishman, Goar and Smialowski, Pawel and Goebels, Florian and Wachinger, Benedikt and Ruepp, Andreas and Frishman, Dmitrij},
  journal={Nucleic acids research},
  pages={gkt1079},
  year={2013},
  publisher={Oxford Univ Press}
}

@article{park2011revisiting,
  title={Revisiting the negative example sampling problem for predicting protein--protein interactions},
  author={Park, Yungki and Marcotte, Edward M},
  journal={Bioinformatics},
  volume={27},
  number={21},
  pages={3024--3028},
  year={2011},
  publisher={Oxford Univ Press}
}

@article{park2012flaws,
  title={Flaws in evaluation schemes for pair-input computational predictions},
  author={Park, Yungki and Marcotte, Edward M},
  journal={Nature methods},
  volume={9},
  number={12},
  pages={1134--1136},
  year={2012},
  publisher={Nature Publishing Group}
}

@article{spellman1998comprehensive,
  title={Comprehensive identification of cell cycle--regulated genes of the yeast Saccharomyces cerevisiae by microarray hybridization},
  author={Spellman, Paul T and Sherlock, Gavin and Zhang, Michael Q and Iyer, Vishwanath R and Anders, Kirk and Eisen, Michael B and Brown, Patrick O and Botstein, David and Futcher, Bruce},
  journal={Molecular biology of the cell},
  volume={9},
  number={12},
  pages={3273--3297},
  year={1998},
  publisher={Am Soc Cell Biol}
}

@article{gasch2000genomic,
  title={Genomic expression programs in the response of yeast cells to environmental changes},
  author={Gasch, Audrey P and Spellman, Paul T and Kao, Camilla M and Carmel-Harel, Orna and Eisen, Michael B and Storz, Gisela and Botstein, David and Brown, Patrick O},
  journal={Molecular biology of the cell},
  volume={11},
  number={12},
  pages={4241--4257},
  year={2000},
  publisher={Am Soc Cell Biol}
}

@article{pu2009up,
  title={Up-to-date catalogues of yeast protein complexes},
  author={Pu, Shuye and Wong, Jessica and Turner, Brian and Cho, Emerson and Wodak, Shoshana J},
  journal={Nucleic acids research},
  volume={37},
  number={3},
  pages={825--831},
  year={2009},
  publisher={Oxford Univ Press}
}

@article{fu2012cdhit,
  title={CD-HIT: accelerated for clustering the next-generation sequencing data},
  author={Fu, Limin and Niu, Beifang and Zhu, Zhengwei and Wu, Sitao and Li, Weizhong},
  journal={Bioinformatics},
  volume={28},
  number={23},
  pages={3150--3152},
  year={2012},
  publisher={Oxford Univ Press}
}

@article{sacca2014ppisbr,
  title={Improved multi-level protein--protein interaction prediction with semantic-based regularization},
  author={Sacc{\`a}, Claudio and Teso, Stefano and Diligenti, Michelangelo and Passerini, Andrea},
  journal={BMC bioinformatics},
  volume={15},
  number={1},
  pages={103},
  year={2014},
  publisher={BioMed Central Ltd}
}

@article{jiang2016cafa2,
  title={An expanded evaluation of protein function prediction methods shows an improvement in accuracy},
  author={Jiang, Yuxiang and Oron, Tal Ronnen and Clark, Wyatt T and Bankapur, Asma R and D'Andrea, Daniel and Lepore, Rosalba and Funk, Christopher S and Kahanda, Indika and Verspoor, Karin M and Ben-Hur, Asa and others},
  journal={arXiv preprint arXiv:1601.00891},
  year={2016}
}

@article{gong2016gofdr,
  title={GoFDR: A sequence alignment based method for predicting protein functions},
  author={Gong, Qingtian and Ning, Wei and Tian, Weidong},
  journal={Methods},
  volume={93},
  pages={3--14},
  year={2016},
  publisher={Elsevier}
}

@inproceedings{kondor2002diffusion,
  title={Diffusion kernels on graphs and other discrete structures},
  author={Kondor, Risi Imre and Lafferty, John},
  booktitle={Proceedings of the 19th international conference on machine learning},
  pages={315--322},
  year={2002}
}

@article{mitchell2015interpro,
  title={The InterPro protein families database: the classification resource after 15 years},
  author={Mitchell, Alex and Chang, Hsin-Yu and Daugherty, Louise and Fraser, Matthew and Hunter, Sarah and Lopez, Rodrigo and McAnulla, Craig and McMenamin, Conor and Nuka, Gift and Pesseat, Sebastien and others},
  journal={Nucleic acids research},
  volume={43},
  number={D1},
  pages={D213--D221},
  year={2015},
  publisher={Oxford Univ Press}
}

@article{kuang2005profile,
  title={Profile-based string kernels for remote homology detection and motif extraction},
  author={Kuang, Rui and Ie, Eugene and Wang, Ke and Wang, Kai and Siddiqi, Mahira and Freund, Yoav and Leslie, Christina},
  journal={Journal of bioinformatics and computational biology},
  volume={3},
  number={03},
  pages={527--550},
  year={2005},
  publisher={World Scientific}
}

@article{hamp2013accelerating,
  title={Accelerating the original profile kernel},
  author={Hamp, Tobias and Goldberg, Tatyana and Rost, Burkhard},
  journal={PloS one},
  volume={8},
  number={6},
  pages={e68459},
  year={2013},
  publisher={Public Library of Science}
}

@article{altschul1997gapped,
  title={Gapped BLAST and PSI-BLAST: a new generation of protein database search programs},
  author={Altschul, Stephen F and Madden, Thomas L and Sch{\"a}ffer, Alejandro A and Zhang, Jinghui and Zhang, Zheng and Miller, Webb and Lipman, David J},
  journal={Nucleic acids research},
  volume={25},
  number={17},
  pages={3389--3402},
  year={1997},
  publisher={Oxford Univ Press}
}
